[gd_scene load_steps=29 format=2]

[ext_resource path="res://VignetteImages/Shapes/Foreground_Shape_C/foreground_shape_c_0014.png" type="Texture" id=1]
[ext_resource path="res://VignetteImages/Shapes/Foreground_Shape_C/foreground_shape_c_0015.png" type="Texture" id=2]
[ext_resource path="res://VignetteImages/Shapes/Foreground_Shape_C/foreground_shape_c_0010.png" type="Texture" id=3]
[ext_resource path="res://VignetteImages/Shapes/Foreground_Shape_C/foreground_shape_c_0009.png" type="Texture" id=4]
[ext_resource path="res://VignetteImages/Shapes/Foreground_Shape_C/foreground_shape_c_0005.png" type="Texture" id=5]
[ext_resource path="res://VignetteImages/Shapes/Foreground_Shape_C/foreground_shape_c_0002.png" type="Texture" id=6]
[ext_resource path="res://VignetteImages/Shapes/Foreground_Shape_C/foreground_shape_c_0006.png" type="Texture" id=7]
[ext_resource path="res://VignetteImages/Shapes/Foreground_Shape_C/foreground_shape_c_0004.png" type="Texture" id=8]
[ext_resource path="res://VignetteImages/Shapes/Foreground_Shape_C/foreground_shape_c_0013.png" type="Texture" id=9]
[ext_resource path="res://VignetteImages/Shapes/Foreground_Shape_C/foreground_shape_c_0012.png" type="Texture" id=10]
[ext_resource path="res://VignetteImages/Shapes/Foreground_Shape_C/foreground_shape_c_0011.png" type="Texture" id=11]
[ext_resource path="res://VignetteImages/Shapes/Foreground_Shape_C/foreground_shape_c_0001.png" type="Texture" id=12]
[ext_resource path="res://VignetteImages/Shapes/Foreground_Shape_C/foreground_shape_c_0000.png" type="Texture" id=13]
[ext_resource path="res://VignetteImages/Shapes/Foreground_Shape_C/foreground_shape_c_0019.png" type="Texture" id=14]
[ext_resource path="res://VignetteImages/Shapes/Foreground_Shape_C/foreground_shape_c_0022.png" type="Texture" id=15]
[ext_resource path="res://VignetteImages/Shapes/Foreground_Shape_C/foreground_shape_c_0007.png" type="Texture" id=16]
[ext_resource path="res://VignetteImages/Shapes/Foreground_Shape_C/foreground_shape_c_0008.png" type="Texture" id=17]
[ext_resource path="res://VignetteImages/Shapes/Foreground_Shape_C/foreground_shape_c_0020.png" type="Texture" id=18]
[ext_resource path="res://VignetteImages/Shapes/Foreground_Shape_C/foreground_shape_c_0023.png" type="Texture" id=19]
[ext_resource path="res://VignetteImages/Animations/alternate_animations.gd" type="Script" id=20]
[ext_resource path="res://VignetteImages/Shapes/Foreground_Shape_C/foreground_shape_c_0018.png" type="Texture" id=21]
[ext_resource path="res://VignetteImages/Shapes/Foreground_Shape_C/foreground_shape_c_0017.png" type="Texture" id=22]
[ext_resource path="res://VignetteImages/Shapes/Foreground_Shape_C/foreground_shape_c_0016.png" type="Texture" id=23]
[ext_resource path="res://VignetteImages/Shapes/Foreground_Shape_C/foreground_shape_c_0003.png" type="Texture" id=24]
[ext_resource path="res://VignetteImages/Shapes/Foreground_Shape_C/foreground_shape_c_0021.png" type="Texture" id=25]
[ext_resource path="res://VignetteImages/Animations/zoom_out.tres" type="Animation" id=26]
[ext_resource path="res://vignette_element.gd" type="Script" id=27]

[sub_resource type="SpriteFrames" id=1]
animations = [ {
"frames": [ ExtResource( 13 ), ExtResource( 12 ), ExtResource( 6 ), ExtResource( 24 ), ExtResource( 8 ), ExtResource( 5 ), ExtResource( 7 ), ExtResource( 16 ), ExtResource( 17 ) ],
"loop": true,
"name": "main",
"speed": 12.0
}, {
"frames": [ ExtResource( 4 ), ExtResource( 3 ), ExtResource( 11 ), ExtResource( 10 ), ExtResource( 9 ), ExtResource( 1 ), ExtResource( 2 ), ExtResource( 23 ), ExtResource( 22 ), ExtResource( 21 ), ExtResource( 14 ), ExtResource( 18 ), ExtResource( 25 ), ExtResource( 15 ), ExtResource( 19 ), ExtResource( 23 ), ExtResource( 2 ), ExtResource( 1 ), ExtResource( 9 ), ExtResource( 10 ), ExtResource( 11 ), ExtResource( 3 ), ExtResource( 4 ) ],
"loop": true,
"name": "alternate",
"speed": 12.0
} ]

[node name="foreground_shape_c" type="Node2D"]
modulate = Color( 0, 0, 0, 0.557833 )
scale = Vector2( 2.64304, 2.64304 )
script = ExtResource( 27 )

[node name="animated_sprite" type="AnimatedSprite" parent="."]
frames = SubResource( 1 )
animation = "main"
frame = 8
playing = true
script = ExtResource( 20 )

[node name="swap_timer" type="Timer" parent="animated_sprite"]

[node name="AnimationPlayer" type="AnimationPlayer" parent="."]
autoplay = "zoom_out"
anims/zoom_out = ExtResource( 26 )

[connection signal="animation_finished" from="animated_sprite" to="animated_sprite" method="_on_animation_finished"]
[connection signal="timeout" from="animated_sprite/swap_timer" to="animated_sprite" method="_on_swap_timer_timeout"]
