[gd_scene load_steps=8 format=2]

[ext_resource path="res://VignetteImages/Vignette_A/vignette_a_background.png" type="Texture" id=1]
[ext_resource path="res://Vignette.gd" type="Script" id=2]
[ext_resource path="res://Main.gd" type="Script" id=3]
[ext_resource path="res://Auto-advancing.gd" type="Script" id=4]
[ext_resource path="res://action_sender.gd" type="Script" id=5]
[ext_resource path="res://sliding_positional_ref.gd" type="Script" id=43]

[sub_resource type="Animation" id=1]
resource_name = "sliding"
length = 20.0
loop = true
tracks/0/type = "value"
tracks/0/path = NodePath(".:position")
tracks/0/interp = 1
tracks/0/loop_wrap = true
tracks/0/imported = false
tracks/0/enabled = true
tracks/0/keys = {
"times": PoolRealArray( 0, 10, 20 ),
"transitions": PoolRealArray( 1, 1, 1 ),
"update": 0,
"values": [ Vector2( 0, 488 ), Vector2( 0, -513 ), Vector2( 0, 488 ) ]
}

[node name="Main" type="Node2D"]
script = ExtResource( 3 )

[node name="Background_main" type="CanvasLayer" parent="."]
layer = -1

[node name="Background_color" type="ColorRect" parent="Background_main"]
anchor_right = 1.0
anchor_bottom = 1.0
color = Color( 0, 0, 0, 1 )
__meta__ = {
"_edit_use_anchors_": false
}

[node name="Vignette" type="Node2D" parent="."]
position = Vector2( 971.399, 536.726 )
script = ExtResource( 2 )

[node name="sliding_positional_ref" type="Node2D" parent="Vignette"]
position = Vector2( 0, 488 )
script = ExtResource( 43 )

[node name="AnimationPlayer" type="AnimationPlayer" parent="Vignette/sliding_positional_ref"]
autoplay = "sliding"
anims/sliding = SubResource( 1 )

[node name="-5_Sky" type="Node2D" parent="Vignette"]

[node name="background_color" type="Sprite" parent="Vignette/-5_Sky"]
modulate = Color( 0.101961, 0.0980392, 0.0980392, 1 )
texture = ExtResource( 1 )

[node name="-4_Setting" type="Node2D" parent="Vignette"]

[node name="-3_Theme" type="Node2D" parent="Vignette"]

[node name="-2_Connector" type="Node2D" parent="Vignette"]

[node name="-1_Person_small" type="Node2D" parent="Vignette"]

[node name="0_Middle_ground" type="Node2D" parent="Vignette"]

[node name="1_Entity" type="Node2D" parent="Vignette"]

[node name="2_Foregrounding" type="Node2D" parent="Vignette"]

[node name="3_Person_large" type="Node2D" parent="Vignette"]

[node name="4_Foreground" type="Node2D" parent="Vignette"]

[node name="Foreground_main" type="CanvasLayer" parent="."]

[node name="black_bar_color" type="ColorRect" parent="Foreground_main"]
anchor_right = 1.0
anchor_bottom = 1.0
margin_bottom = -1054.0
color = Color( 0, 0, 0, 1 )
__meta__ = {
"_edit_use_anchors_": false
}

[node name="black_bar_color2" type="ColorRect" parent="Foreground_main"]
anchor_right = 1.0
anchor_bottom = 1.0
margin_top = 1048.0
color = Color( 0, 0, 0, 1 )
__meta__ = {
"_edit_use_anchors_": false
}

[node name="Networking" type="Node" parent="."]

[node name="check_server_timer" type="Timer" parent="Networking"]
wait_time = 300.0

[node name="HTTPReq_version_check" type="HTTPRequest" parent="Networking"]

[node name="HTTPReq_version_update" type="HTTPRequest" parent="Networking"]

[node name="action_sender" type="Node" parent="Networking" groups=["layer_change"]]
script = ExtResource( 5 )

[node name="HTTPReq_layer_change" type="HTTPRequest" parent="Networking"]

[node name="Auto-advancing" type="Node" parent="."]
script = ExtResource( 4 )

[node name="Timer_MinorChanges" type="Timer" parent="Auto-advancing"]
wait_time = 30.0
one_shot = true

[node name="Timer_MajorChanges" type="Timer" parent="Auto-advancing"]
wait_time = 120.0
one_shot = true

[connection signal="timeout" from="Networking/check_server_timer" to="." method="_on_check_server_timer_timeout"]
[connection signal="request_completed" from="Networking/HTTPReq_version_check" to="." method="_on_HTTPReq_version_request_completed"]
[connection signal="request_completed" from="Networking/HTTPReq_layer_change" to="Networking/action_sender" method="_on_HTTPReq_layer_change_request_completed"]
[connection signal="timeout" from="Auto-advancing/Timer_MinorChanges" to="Auto-advancing" method="_on_Timer_MinorChanges_timeout"]
[connection signal="timeout" from="Auto-advancing/Timer_MajorChanges" to="Auto-advancing" method="_on_Timer_MajorChanges_timeout"]
