[gd_scene load_steps=18 format=2]

[ext_resource path="res://VignetteImages/Shapes/Foreground_Shape_N/foreground_shape_n_top_0005.png" type="Texture" id=1]
[ext_resource path="res://VignetteImages/Shapes/Foreground_Shape_N/foreground_shape_n_top_0000.png" type="Texture" id=2]
[ext_resource path="res://VignetteImages/Shapes/Foreground_Shape_N/foreground_shape_n_top_0004.png" type="Texture" id=3]
[ext_resource path="res://VignetteImages/Shapes/Foreground_Shape_N/foreground_shape_n_top_0002.png" type="Texture" id=4]
[ext_resource path="res://VignetteImages/Shapes/Foreground_Shape_N/foreground_shape_n_top_0001.png" type="Texture" id=5]
[ext_resource path="res://VignetteImages/Shapes/Foreground_Shape_N/foreground_shape_n_top_0003.png" type="Texture" id=6]
[ext_resource path="res://VignetteImages/Shapes/Foreground_Shape_N/foreground_shape_n_bottom_0004.png" type="Texture" id=7]
[ext_resource path="res://VignetteImages/Shapes/Foreground_Shape_N/foreground_shape_n_bottom_0002.png" type="Texture" id=8]
[ext_resource path="res://VignetteImages/Shapes/Foreground_Shape_N/foreground_shape_n_bottom_0005.png" type="Texture" id=9]
[ext_resource path="res://VignetteImages/Shapes/Foreground_Shape_N/foreground_shape_n_bottom_0003.png" type="Texture" id=10]
[ext_resource path="res://VignetteImages/Animations/enter_top_slow.tres" type="Animation" id=11]
[ext_resource path="res://vignette_element.gd" type="Script" id=12]
[ext_resource path="res://VignetteImages/Animations/enter_bottom.tres" type="Animation" id=13]

[sub_resource type="SpriteFrames" id=1]
animations = [ {
"frames": [ ExtResource( 2 ), ExtResource( 5 ), ExtResource( 4 ), ExtResource( 6 ), ExtResource( 3 ), ExtResource( 1 ), ExtResource( 4 ) ],
"loop": true,
"name": "default",
"speed": 5.0
} ]

[sub_resource type="Animation" id=2]
resource_name = "enter_top_slow (copy)"
length = 15.0
tracks/0/type = "value"
tracks/0/path = NodePath(".:position")
tracks/0/interp = 1
tracks/0/loop_wrap = true
tracks/0/imported = false
tracks/0/enabled = true
tracks/0/keys = {
"times": PoolRealArray( 0, 15 ),
"transitions": PoolRealArray( 1, 1 ),
"update": 0,
"values": [ Vector2( 0, -1024 ), Vector2( 0, 0 ) ]
}
tracks/1/type = "method"
tracks/1/path = NodePath("..")
tracks/1/interp = 1
tracks/1/loop_wrap = true
tracks/1/imported = false
tracks/1/enabled = true
tracks/1/keys = {
"times": PoolRealArray( 0 ),
"transitions": PoolRealArray( 1 ),
"values": [ {
"args": [  ],
"method": "_on_destroy_self"
} ]
}

[sub_resource type="SpriteFrames" id=3]
animations = [ {
"frames": [ ExtResource( 8 ), ExtResource( 10 ), ExtResource( 7 ), ExtResource( 8 ), ExtResource( 9 ) ],
"loop": true,
"name": "default",
"speed": 5.0
} ]

[sub_resource type="Animation" id=4]
resource_name = "enter_bottom (copy)"
length = 5.0
tracks/0/type = "value"
tracks/0/path = NodePath(".:position")
tracks/0/interp = 1
tracks/0/loop_wrap = true
tracks/0/imported = false
tracks/0/enabled = true
tracks/0/keys = {
"times": PoolRealArray( 0, 5 ),
"transitions": PoolRealArray( 1, 1 ),
"update": 0,
"values": [ Vector2( 0, 1024 ), Vector2( 0, 0 ) ]
}
tracks/1/type = "method"
tracks/1/path = NodePath("..")
tracks/1/interp = 1
tracks/1/loop_wrap = true
tracks/1/imported = false
tracks/1/enabled = false
tracks/1/keys = {
"times": PoolRealArray( 0 ),
"transitions": PoolRealArray( 1 ),
"values": [ {
"args": [  ],
"method": "_on_destroy_self"
} ]
}

[node name="foreground_shape_n" type="Node2D"]
script = ExtResource( 12 )

[node name="top" type="AnimatedSprite" parent="."]
modulate = Color( 0, 0, 0, 1 )
position = Vector2( 0, -1024 )
frames = SubResource( 1 )
frame = 4
playing = true

[node name="AnimationPlayer" type="AnimationPlayer" parent="top"]
autoplay = "enter_top_slow (copy)"
anims/enter_top_slow = ExtResource( 11 )
"anims/enter_top_slow (copy)" = SubResource( 2 )

[node name="bottom" type="AnimatedSprite" parent="."]
modulate = Color( 0, 0, 0, 1 )
position = Vector2( 0, 1024 )
frames = SubResource( 3 )
playing = true

[node name="AnimationPlayer" type="AnimationPlayer" parent="bottom"]
autoplay = "enter_bottom (copy)"
anims/enter_bottom = ExtResource( 13 )
"anims/enter_bottom (copy)" = SubResource( 4 )
